@article{box1958note,
  title={A note on the generation of random normal deviates},
  author={Box, George EP and Muller, Mervin E and others},
  journal={The annals of mathematical statistics},
  volume={29},
  number={2},
  pages={610--611},
  year={1958},
  publisher={Institute of Mathematical Statistics}
}